<?xml version="1.0" encoding="UTF-8"?><collection xmlns="http://www.loc.gov/MARC21/slim"><record><leader>00375nam--2200133-i-4500</leader><controlfield tag="001">000033826</controlfield><controlfield tag="002">20161230</controlfield><controlfield tag="005">20161230201039</controlfield><controlfield tag="008">060222s1000------------r-----000-0-eng-d</controlfield><datafield ind1=" " ind2=" " tag="100"><subfield code="a">Moreno, Theodore</subfield></datafield><datafield ind1=" " ind2=" " tag="245"><subfield code="a">Microwave transmission design data. first edition</subfield></datafield><datafield ind1=" " ind2=" " tag="260"><subfield code="a">New York, Toronto, Mcgraw Hill, 1948, Ix + 248p</subfield></datafield><datafield ind1=" " ind2=" " tag="490"><subfield code="a">Radio Communication Series</subfield></datafield><datafield ind1=" " ind2=" " tag="852"><subfield code="a">954</subfield></datafield></record></collection>